@manual{V704,
  author = {TU Dortmund},
  title = {V704 - Absorption von Beta- und Gamma-Strahlung},
  year = 2019
}
